@article
{
    Rad07,
    author = {Marko Radovanovic},
    title = {Functional Equations},
    journal = {IMOMath},
    year = {2007}
}

@book
{
    Par18,
    author = {Amir Parvardi},
    title = {Functional equations in mathematical olympiad. Problems and solutions Vol. 1 2017-2018},
    publisher = {The University of British Columbia},
    year = {2018}
}