@article
{
    Rad07,
    author = {Marko Radovanovic},
    title = {Functional Equations},
    journal = {IMOMath},
    year = {2007}
}

@book
{
    Par18,
    author = {Amir Parvardi},
    title = {Functional equations in mathematical olympiad. Problems and solutions Vol. 1 (2017-2018)},
    publisher = {The University of British Columbia},
    year = {2018}
}

@book
{
    Bar89,
    author = {Edward Barbeau},
    title = {Polynomials},
    publisher = {Springer},
    year = {1989}
}

@book
{
    BGR14,
    author = {Radmila Bulajich and Jośe Gómez and Rogelio Valdez},
    title = {Álgebra},
    publisher = {UNAM},
    year = {2014}
}

@article
{
    Rub19,
    author = {Carlos Rubio},
    title = {Un breve recorrido por los polinomios},
    journal = {Tzaloa},
    number = {2},
    year = {2019},
}

@article
{
    CL22,
    author = {Axel Canales and Ricardo Largaespada},
    title = {Clase 1. {P}olinomios cuadráticos y cúbicos},
    journal = {Academia Sabatina de Jóvenes Talento},
    year = {2022},
    month = {Marzo}
}

@article
{
    CL22-clase2,
    author = {Axel Canales and Ricardo Largaespada},
    title = {Clase 2. {R}aíces de polinomios {I}},
    journal = {Academia Sabatina de Jóvenes Talento},
    year = {2022},
    month = {Marzo}
}

@article
{
    Lul16,
    author = {Lulú},
    title = {Polinomios},
    journal = {OMMBC},
    year = {2016},
}

@article
{
    TD23-clase1,
    author = {Kenny Tinoco and José Duarte},
    title = {Clase 1. {P}olinomios cuadráticos y cúbicos},
    journal = {Academia Sabatina de Jóvenes Talento},
    year = {2023},
    month = {Marzo}
}

@article
{
    TD23-clase2,
    author = {Kenny Tinoco and José Duarte},
    title = {Clase 2. {R}aíces de polinomios {I}},
    journal = {Academia Sabatina de Jóvenes Talento},
    year = {2023},
    month = {Marzo}
}

@article
{
    ASJT23,
    author = {ASJT. Nicaragua},
    title = {Tercer {E}xamen {S}electivo {OMCC}. {D}ía 3},
    journal = {Academia Sabatina de Jóvenes Talento},
    year = {2023},
    month = {Marzo},
}