@article
{
    ASJT23,
    author = {ASJT. Nicaragua},
    title = {Tercer {E}xamen {S}electivo {OMCC}. {D}ía 3},
    journal = {Academia Sabatina de Jóvenes Talento},
    year = {2023},
    month = {Marzo},
}


@article
{
    CL22,
    author = {Axel Canales and Ricardo Largaespada},
    title = {Clase 1. {P}olinomios cuadráticos y cúbicos},
    journal = {Academia Sabatina de Jóvenes Talento},
    year = {2022},
    month = {Marzo}
}

@article
{
    CL22-clase2,
    author = {Axel Canales and Ricardo Largaespada},
    title = {Clase 2. {R}aíces de polinomios {I}},
    journal = {Academia Sabatina de Jóvenes Talento},
    year = {2022},
    month = {Marzo}
}

@article
{
    CL22-clase3,
    author = {Axel Canales and Ricardo Largaespada},
    title = {Clase 3. {F}órmulas de {V}ieta {I}},
    journal = {Academia Sabatina de Jóvenes Talento},
    year = {2022},
    month = {Abril}
}

@article
{
    CL22-clase5,
    author = {Axel Canales and Ricardo Largaespada},
    title = {Clase 5. {D}ivisión de polinomios},
    journal = {Academia Sabatina de Jóvenes Talento},
    year = {2022},
    month = {Abril}
}


@article
{
    NL22-clase6,
    author = {William Nicoya and Ricardo Largaespada},
    title = {Clase 6. {D}ivisibilidad polinómica},
    journal = {Academia Sabatina de Jóvenes Talento},
    year = {2022},
    month = {Abril}
}

@article
{
    NL22-clase7,
    author = {William Nicoya and Ricardo Largaespada},
    title = {Clase 7. {T}eorema del residuo y teorema del factor},
    journal = {Academia Sabatina de Jóvenes Talento},
    year = {2022},
    month = {Mayo}
}

@article
{
    LN22-clase8-9,
    author = {Ricardo Largaespada and William Nicoya},
    title = {Clase 8 y 9. {R}aíces de {P}olinomios {II}},
    journal = {Academia Sabatina de Jóvenes Talento},
    year = {2022},
    month = {Mayo}
}

@article
{
    NL22-clase11,
    author = {William Nicoya and Ricardo Largaespada},
    title = {Clase 11. {F}órmulas de {V}ieta para polinomios de grado n},
    journal = {Academia Sabatina de Jóvenes Talento},
    year = {2022},
    month = {Junio}
}

@article
{
    NL22-clase12,
    author = {William Nicoya and Ricardo Largaespada},
    title = {Clase 12. {P}olinomios simétricos},
    journal = {Academia Sabatina de Jóvenes Talento},
    year = {2022},
    month = {Junio}
}


@article
{
    TD23-clase1,
    author = {Kenny Tinoco and José Duarte},
    title = {Clase 1. {P}olinomios cuadráticos y cúbicos},
    journal = {Academia Sabatina de Jóvenes Talento},
    year = {2023},
    month = {Marzo}
}

@article
{
    TD23-clase2,
    author = {Kenny Tinoco and José Duarte},
    title = {Clase 2. {R}aíces de polinomios {I}},
    journal = {Academia Sabatina de Jóvenes Talento},
    year = {2023},
    month = {Marzo}
}


@article
{
    TD23-clase4,
    author = {Kenny Tinoco and José Duarte},
    title = {Clase 4. {F}órmulas de {V}ieta},
    journal = {Academia Sabatina de Jóvenes Talento},
    year = {2023},
    month = {Abril}
}


@article
{
    TD23-clase5,
    author = {Kenny Tinoco and José Duarte},
    title = {Clase 5. {D}ivisión de {P}olinomios},
    journal = {Academia Sabatina de Jóvenes Talento},
    year = {2023},
    month = {Abril}
}
