@article
{
    Rad07,
    author = {Marko Radovanovic},
    title = {Functional Equations},
    journal = {IMOMath},
    year = {2007}
}

@article
{
    Rub19,
    author = {Carlos Rubio},
    title = {Un breve recorrido por los polinomios},
    journal = {Tzaloa},
    number = {2},
    year = {2019},
}

@article
{
    Lul16,
    author = {Lulú},
    title = {Polinomios},
    journal = {OMMBC},
    year = {2016},
}

@article
{
    Arg15,
    author = {Argel},
    title = {Fórmulas de Vieta},
    journal = {OMMBC},
    year = {2015},
}