@book
{
    Bar89,
    author = {Edward Barbeau},
    title = {Polynomials},
    publisher = {Springer},
    year = {1989}
}

@book
{
    BGR14,
    author = {Radmila Bulajich and Jośe Gómez and Rogelio Valdez},
    title = {Álgebra},
    publisher = {UNAM},
    year = {2014}
}

@book
{
    BGV14,
    author = {Radmila Bulajich and Jośe Gómez and Rogelio Valdez},
    title = {Desigualdades},
    publisher = {UNAM},
    year = {2014}
}

@book
{
    Eng97,
    author = {Arthur Engel},
    title = {Problem-{S}olving {S}trategies},
    publisher = {Springer},
    year = {1997}
}

@book
{
    RC08,
    author = {Richard Rusczyk and Mathew Crawford},
    title = {Intermediate {A}lgebra},
    publisher = {AoPS},
    year = {2008}
}


@book
{
    Gun10,
    author = {David Gunderson},
    title = {Handbook of {M}athematical {I}nduction. {T}heory and {A}pplications},
    publisher = {CRS Press},
    year = {2010}
}

@book
{
    AFIE17,
    author = {AFIE},
    title = {Problemas resueltos de razonamiento matemático},
    publisher = {Lumbreras Editores},
    year = {2017}
}

@book
{
    Loz20,
    author = {Stefan Lozanovski},
    title = {A beautiful journey through {O}lympiad {G}eometry},
    publisher = {Stefan Lozanovski},
    year = {2017}
}

@book
{
    Agu19,
    author = {Eduardo Aguilar},
    title = {Estrategias sintéticas en {G}eometría {E}uclídea},
    publisher = {Editorial},
    year = {2019}
}

@book
{
    Bac22,
    author = {Jafet Baca},
    title = {Apuntes de {G}eometría {E}uclidiana para {C}ompeticiones {M}atemáticas},
    publisher = {Jafet Baca},
    year = {2022}
}